<?xml version="1.0" encoding="UTF-8"?><collection xmlns="http://www.loc.gov/MARC21/slim"><record><leader>00475nam--2200181-i-4500</leader><controlfield tag="001">000005159</controlfield><controlfield tag="002">20161230</controlfield><controlfield tag="005">20161230201026</controlfield><controlfield tag="008">060222s1000------------r-----000-0-fre-d</controlfield><datafield ind1=" " ind2=" " tag="040"><subfield code="a">IFIN-HH</subfield></datafield><datafield ind1=" " ind2=" " tag="041"><subfield code="a">fre</subfield></datafield><datafield ind1=" " ind2=" " tag="080"><subfield code="a">530.1</subfield></datafield><datafield ind1="1" ind2=" " tag="100"><subfield code="a">Bertaut, E.F</subfield></datafield><datafield ind1="1" ind2="0" tag="245"><subfield code="a">Configuration magnetiques. rapport cea</subfield><subfield code="c">E.f. bertaut</subfield></datafield><datafield ind1=" " ind2=" " tag="260"><subfield code="a">/Saclay. Centre D Etudes Nucleaires</subfield><subfield code="c">1960</subfield></datafield><datafield ind1=" " ind2=" " tag="300"><subfield code="a">III + 65 P. + 14 FIG</subfield></datafield><datafield ind1=" " ind2=" " tag="852"><subfield code="a">15084</subfield><subfield code="c">530.1</subfield></datafield><datafield ind1=" " ind2=" " tag="CAT"><subfield code="a">Sys</subfield><subfield code="c">20160415</subfield><subfield code="h">095603</subfield></datafield></record></collection>